<record><leader>00000cas a2200000 a 4500</leader><controlfield tag="001">3675092</controlfield><controlfield tag="008">780228d19231985arumn ne      0   a0eng d</controlfield><datafield ind1=" " ind2=" " tag="010"><subfield code="a">sn 80008928 </subfield></datafield><datafield ind1=" " ind2=" " tag="040"><subfield code="a">AKC</subfield><subfield code="b">eng</subfield><subfield code="c">AKC</subfield><subfield code="d">NSD</subfield><subfield code="d">OCL</subfield><subfield code="d">NSD</subfield><subfield code="d">DLC</subfield><subfield code="d">ANU</subfield><subfield code="d">OCLCQ</subfield><subfield code="d">OCLCF</subfield><subfield code="d">OCLCO</subfield></datafield><datafield ind1=" " ind2=" " tag="012"><subfield code="j">0</subfield><subfield code="k">1</subfield><subfield code="m">d</subfield></datafield><datafield ind1=" " ind2=" " tag="019"><subfield code="a">4392598</subfield></datafield><datafield ind1="1" ind2=" " tag="022"><subfield code="a">0199-4611</subfield><subfield code="l">0199-4611</subfield><subfield code="2">1</subfield></datafield><datafield ind1="1" ind2=" " tag="029"><subfield code="a">AU@</subfield><subfield code="b">000025800937</subfield></datafield><datafield ind1=" " ind2=" " tag="042"><subfield code="a">nsdp</subfield></datafield><datafield ind1=" " ind2=" " tag="043"><subfield code="a">n-us-ar</subfield></datafield><datafield ind1=" " ind2="4" tag="222"><subfield code="a">The Arkansas churchman</subfield></datafield><datafield ind1="0" ind2="4" tag="245"><subfield code="a">The Arkansas churchman.</subfield></datafield><datafield ind1=" " ind2=" " tag="260"><subfield code="a">Helena, Ark.? :</subfield><subfield code="b">Diocese of Arkansas,</subfield></datafield><datafield ind1=" " ind2=" " tag="300"><subfield code="a">v. :</subfield><subfield code="b">ill.</subfield></datafield><datafield ind1=" " ind2=" " tag="310"><subfield code="a">Monthly (except July and Aug.)</subfield><subfield code="b">Jan. 1937-June 1985</subfield></datafield><datafield ind1=" " ind2=" " tag="321"><subfield code="a">Monthly (Oct.-May) (irregular)</subfield><subfield code="b">May 15, 1923-Dec. 1936.</subfield></datafield><datafield ind1="0" ind2=" " tag="362"><subfield code="a">Vol. 1, no. 1 (May 15, 1923)-v. 59, issue no. 5 (June 1985).</subfield></datafield><datafield ind1=" " ind2=" " tag="500"><subfield code="a">Published in Little Rock, Ark., &lt;Oct. 1927-Dec. 1932&gt; and Oct. 1938?-June 1985; published in El Dorado, Ark., &lt;Oct. 1936&gt;-Sept. 1938?</subfield></datafield><datafield ind1=" " ind2=" " tag="550"><subfield code="a">"The official organ of the Diocese of Arkansas."</subfield></datafield><datafield ind1=" " ind2=" " tag="515"><subfield code="a">Suspended between Dec. 1932 and Oct. 1936?</subfield></datafield><datafield ind1="2" ind2="0" tag="610"><subfield code="a">Episcopal Church</subfield><subfield code="z">Arkansas</subfield><subfield code="v">Newspapers.</subfield></datafield><datafield ind1=" " ind2="7" tag="655"><subfield code="a">Newspapers.</subfield><subfield code="2">fast</subfield><subfield code="0">(OCoLC)fst01423814</subfield></datafield><datafield ind1="2" ind2="7" tag="610"><subfield code="a">Episcopal Church.</subfield><subfield code="2">fast</subfield><subfield code="0">(OCoLC)fst00533119</subfield></datafield><datafield ind1=" " ind2="7" tag="651"><subfield code="a">Arkansas.</subfield><subfield code="2">fast</subfield><subfield code="0">(OCoLC)fst01204809</subfield></datafield><datafield ind1="2" ind2=" " tag="710"><subfield code="a">Episcopal Church.</subfield><subfield code="b">Diocese of Arkansas.</subfield></datafield><datafield ind1=" " ind2=" " tag="752"><subfield code="a">United States</subfield><subfield code="b">Arkansas</subfield><subfield code="c">Union</subfield><subfield code="d">El Dorado.</subfield></datafield><datafield ind1=" " ind2=" " tag="752"><subfield code="a">United States</subfield><subfield code="b">Arkansas</subfield><subfield code="c">Phillips</subfield><subfield code="d">Helena.</subfield></datafield><datafield ind1=" " ind2=" " tag="752"><subfield code="a">United States</subfield><subfield code="b">Arkansas</subfield><subfield code="c">Pulaski</subfield><subfield code="d">Little Rock.</subfield></datafield><datafield ind1="0" ind2="0" tag="785"><subfield code="t">Arkansas Episcopalian</subfield><subfield code="x">0890-5258</subfield><subfield code="w">(DLC)sn 86011768</subfield><subfield code="w">(OCoLC)12870565</subfield></datafield><datafield ind1=" " ind2=" " tag="936"><subfield code="a">unknown</subfield><subfield code="a">Dec. 1979</subfield></datafield></record>